
@misc{hafner2018learning,
	title={Learning Latent Dynamics for Planning from Pixels},
	author={Danijar Hafner and Timothy Lillicrap and Ian Fischer and Ruben Villegas and David Ha and Honglak Lee and James Davidson},
	year={2018},
	eprint={1811.04551},
	archivePrefix={arXiv},
	primaryClass={cs.LG}
}

@article{doucet2009tutorial,
	title={A tutorial on particle filtering and smoothing: Fifteen years later},
	author={Doucet, Arnaud and Johansen, Adam M},
	journal={Handbook of nonlinear filtering},
	volume={12},
	number={656-704},
	pages={3},
	year={2009}
}

@inproceedings{hol2006resampling,
	title={On resampling algorithms for particle filters},
	author={Hol, Jeroen D and Schon, Thomas B and Gustafsson, Fredrik},
	booktitle={2006 IEEE nonlinear statistical signal processing workshop},
	pages={79--82},
	year={2006},
	organization={IEEE}
}

@misc{graham2019scalable,
	title={A scalable optimal-transport based local particle filter},
	author={Matthew M. Graham and Alexandre H. Thiery},
	year={2019},
	eprint={1906.00507},
	archivePrefix={arXiv},
	primaryClass={stat.CO}
}

@misc{peyr2018computational,
	title={Computational Optimal Transport},
	author={Gabriel Peyré and Marco Cuturi},
	year={2018},
	eprint={1803.00567},
	archivePrefix={arXiv},
	primaryClass={stat.ML}
}

@article{resampling_comp,
	author={Li, Tiancheng and Villarrubia, G. and Sun, Shu-dong and Corchado Rodríguez, Juan and Bajo, Javier},
	year={2015},
	month={11},
	pages={969--984},
	title={Resampling methods for particle filtering: identical distribution, a new method, and comparable study},
	volume={16},
	journal={Frontiers of Information Technology \& Electronic Engineering},
	doi={10.1631/FITEE.1500199}
}

@article{nested,
	author={C. A. {Naesseth} and F. {Lindsten} and T. B. {Schön}},
	journal={IEEE Transactions on Signal Processing},
	title={High-Dimensional Filtering Using Nested Sequential Monte Carlo},
	year={2019},
	volume={67},
	number={16},
	pages={4177-4188},
	keywords={Bayes methods;filtering theory;Monte Carlo methods;state-space methods;SMC proposal distribution;exact approximation;locally optimal proposal;high-dimensional filtering;approximate Bayesian filtering;Sequential Monte Carlo methods;nested sequential Monte Carlo;Monte Carlo methods;Proposals;Computational modeling;Probabilistic logic;Adaptation models;Bayes methods;Biological system modeling;Particle filtering;spatio-temporal models;state space models;approximate Bayesian inference;backward simulation},
	doi={10.1109/TSP.2019.2926035},
	ISSN={1941-0476},
	month={Aug},}

@article{andrieu2007expected,
	title={The expected auxiliary variable method for Monte Carlo simulation},
	author={Andrieu, C and Doucet, A and Roberts, GO},
	journal={Unpublished paper},
	year={2007}
}

@article{kingma2013auto,
	title={Auto-encoding variational bayes},
	author={Kingma, Diederik P and Welling, Max},
	journal={arXiv preprint arXiv:1312.6114},
	year={2013}
}

@article{chopin2004central,
	title={Central limit theorem for sequential Monte Carlo methods and its application to Bayesian inference},
	author={Chopin, Nicolas and others},
	journal={The Annals of Statistics},
	volume={32},
	number={6},
	pages={2385--2411},
	year={2004},
	publisher={Institute of Mathematical Statistics}
}

@article{particlefilter,
	author={N. J. {Gordon} and D. J. {Salmond} and A. F. M. {Smith}},
	journal={IEE Proceedings F - Radar and Signal Processing},
	title={Novel approach to nonlinear/non-Gaussian Bayesian state estimation},
	year={1993},
	volume={140},
	number={2},
	pages={107-113},
	keywords={Bayes methods;filtering and prediction theory;Kalman filters;state estimation;tracking;State estimation;state transition model;state vector density;nonlinear Bayesian state estimation;nonGaussian Bayesian state estimation;algorithm;bootstrap filter;recursive Bayesian filters;random samples;Gaussian noise;measurement model;simulation;bearings only tracking problem;extended Kalman filter;Bayes procedures;Filtering;Kalman filtering;Tracking;Prediction methods},
	doi={10.1049/ip-f-2.1993.0015},
	ISSN={0956-375X},
	month={April},}

@article{defreitas,
	author = {Freitas, J. F. G. de and Niranjan, M. and Gee, A. H. and Doucet, A.},
	title = {Sequential Monte Carlo Methods to Train Neural Network Models},
	journal = {Neural Computation},
	volume = {12},
	number = {4},
	pages = {955-993},
	year = {2000},
	doi = {10.1162/089976600300015664},
	
	URL = { 
		https://doi.org/10.1162/089976600300015664
		
	},
	eprint = { 
		https://doi.org/10.1162/089976600300015664
		
	}
	,
	abstract = { We discuss a novel strategy for training neural networks using sequential Monte Carlo algorithms and propose a new hybrid gradient descent/sampling importance resampling algorithm (HySIR). In terms of computational time and accuracy, the hybrid SIR is a clear improvement over conventional sequential Monte Carlo techniques. The new algorithm may be viewed as a global optimization strategy that allows us to learn the probability distributions of the network weights and outputs in a sequential framework. It is well suited to applications involving on-line, nonlinear, and nongaussian signal processing. We show how the new algorithm outperforms extended Kalman filter training on several problems. In particular, we address the problem of pricing option contracts, traded in financial markets. In this context, we are able to estimate the one-step-ahead probability density functions of the options prices. }
}

@unpublished{feydy:hal-01827184,
	TITLE = {{Global divergences between measures: from Hausdorff distance to Optimal Transport}},
	AUTHOR = {Feydy, Jean and Trouv{\'e}, Alain},
	URL = {https://hal.archives-ouvertes.fr/hal-01827184},
	NOTE = {working paper or preprint},
	YEAR = {2018},
	MONTH = Aug,
	PDF = {https://hal.archives-ouvertes.fr/hal-01827184/file/ShapeMI_2018_camera_ready.pdf},
	HAL_ID = {hal-01827184},
	HAL_VERSION = {v2},
}

@misc{reich2012nonparametric,
	title={A non-parametric ensemble transform method for Bayesian inference},
	author={Sebastian Reich},
	year={2012},
	eprint={1210.0375},
	archivePrefix={arXiv},
	primaryClass={math.NA}
}

@misc{jacob2016coupling,
	title={Coupling of Particle Filters},
	author={Pierre E. Jacob and Fredrik Lindsten and Thomas B. Schön},
	year={2016},
	eprint={1606.01156},
	archivePrefix={arXiv},
	primaryClass={stat.ME}
}

@misc{cuturi2013sinkhorn,
	title={Sinkhorn Distances: Lightspeed Computation of Optimal Transportation Distances},
	author={Marco Cuturi},
	year={2013},
	eprint={1306.0895},
	archivePrefix={arXiv},
	primaryClass={stat.ML}
}

@article{le2017auto,
	title={Auto-encoding sequential monte carlo},
	author={Le, Tuan Anh and Igl, Maximilian and Rainforth, Tom and Jin, Tom and Wood, Frank},
	journal={arXiv preprint arXiv:1705.10306},
	year={2017}
}

@article{naesseth2017variational,
	title={Variational sequential monte carlo},
	author={Naesseth, Christian A and Linderman, Scott W and Ranganath, Rajesh and Blei, David M},
	journal={arXiv preprint arXiv:1705.11140},
	year={2017}
}

@inproceedings{maddison2017filtering,
	title={Filtering variational objectives},
	author={Maddison, Chris J and Lawson, John and Tucker, George and Heess, Nicolas and Norouzi, Mohammad and Mnih, Andriy and Doucet, Arnaud and Teh, Yee},
	booktitle={Advances in Neural Information Processing Systems},
	pages={6573--6583},
	year={2017}
}

@misc{blondel2017smooth,
	title={Smooth and Sparse Optimal Transport},
	author={Mathieu Blondel and Vivien Seguy and Antoine Rolet},
	year={2017},
	eprint={1710.06276},
	archivePrefix={arXiv},
	primaryClass={stat.ML}
}

@misc{genevay2017learning,
	title={Learning Generative Models with Sinkhorn Divergences},
	author={Aude Genevay and Gabriel Peyr\'e and Marco Cuturi},
	year={2017},
	eprint={1706.00292},
	archivePrefix={arXiv},
	primaryClass={stat.ML}
}

@article{Cuturi_2018,
	title={Semidual Regularized Optimal Transport},
	volume={60},
	ISSN={1095-7200},
	url={http://dx.doi.org/10.1137/18M1208654},
	DOI={10.1137/18m1208654},
	number={4},
	journal={SIAM Review},
	publisher={Society for Industrial \& Applied Mathematics (SIAM)},
	author={Cuturi, Marco and Peyré, Gabriel},
	year={2018},
	month={Jan},
	pages={941–965}
}

@article{El_Moselhy_2012,
	title={Bayesian inference with optimal maps},
	volume={231},
	ISSN={0021-9991},
	url={http://dx.doi.org/10.1016/j.jcp.2012.07.022},
	DOI={10.1016/j.jcp.2012.07.022},
	number={23},
	journal={Journal of Computational Physics},
	publisher={Elsevier BV},
	author={El Moselhy, Tarek A. and Marzouk, Youssef M.},
	year={2012},
	month={Oct},
	pages={7815–7850}
}

@misc{feydy:interpolating,
	author = {Jean Feydy and Thibault Séjourné and François-Xavier Vialard and Shun-ichi Amari and Alain Trouvé and Gabriel Peyré},
	title = {Interpolating between Optimal Transport and MMD using Sinkhorn Divergences},
	date = {2018},
    eprint={1810.08278},
	archivePrefix={arXiv},
	primaryClass={math.ST}
}
